<record><leader>00000cas a22000007a 4500</leader><controlfield tag="001">11672144</controlfield><controlfield tag="008">850208d18581865wiuwr ne      0    0eng d</controlfield><datafield ind1=" " ind2=" " tag="010"><subfield code="a">sn 85040146 </subfield></datafield><datafield ind1=" " ind2=" " tag="040"><subfield code="a">NPV</subfield><subfield code="b">eng</subfield><subfield code="c">NPV</subfield><subfield code="d">NPU</subfield><subfield code="d">OCLCQ</subfield></datafield><datafield ind1=" " ind2=" " tag="042"><subfield code="a">msc</subfield></datafield><datafield ind1=" " ind2=" " tag="043"><subfield code="a">n-us-wi</subfield></datafield><datafield ind1=" " ind2=" " tag="045"><subfield code="a">w5w6</subfield></datafield><datafield ind1=" " ind2=" " tag="052"><subfield code="a">4123</subfield><subfield code="b">L3</subfield></datafield><datafield ind1="0" ind2="0" tag="245"><subfield code="a">South western local.</subfield></datafield><datafield ind1="1" ind2="7" tag="246"><subfield code="a">Local</subfield></datafield><datafield ind1=" " ind2=" " tag="260"><subfield code="a">Shullsburg, Wis. :</subfield><subfield code="b">E. Pickard &amp; E.E. Carr,</subfield><subfield code="c">-1865.</subfield></datafield><datafield ind1=" " ind2=" " tag="300"><subfield code="a">v. ;</subfield><subfield code="c">63 cm.</subfield></datafield><datafield ind1=" " ind2=" " tag="310"><subfield code="a">Weekly</subfield></datafield><datafield ind1="0" ind2=" " tag="362"><subfield code="a">-v. 7, no. 48 (Mar. 17, 1865).</subfield></datafield><datafield ind1="1" ind2=" " tag="362"><subfield code="a">Began with Mar. 24, 1858 issue.</subfield><subfield code="z">Cf. Oehlerts, d. Guide to Wis. newspapers.</subfield></datafield><datafield ind1=" " ind2=" " tag="500"><subfield code="a">Publisher varies.</subfield></datafield><datafield ind1=" " ind2=" " tag="500"><subfield code="a">Published every Friday.</subfield></datafield><datafield ind1=" " ind2=" " tag="500"><subfield code="a">Editors: E. Pickard, &lt;Jan. 21, 1859&gt;-May 9, 1862; P.F. Duffy, June 13, 1862-March 17, 1865.</subfield></datafield><datafield ind1=" " ind2=" " tag="525"><subfield code="a">Supplements accompany some issues.</subfield></datafield><datafield ind1=" " ind2=" " tag="530"><subfield code="a">Available on microfilm from The State Historical Society of Wisconsin.</subfield></datafield><datafield ind1=" " ind2=" " tag="580"><subfield code="a">Continues Lafayette County herald. Cf. Oehlerts, D. Guide to Wis. newspapers.</subfield></datafield><datafield ind1=" " ind2=" " tag="588"><subfield code="a">Description based on: Vol. 1, no. 43 (Jan. 21, 1859).</subfield></datafield><datafield ind1=" " ind2=" " tag="752"><subfield code="a">United States</subfield><subfield code="b">Wisconsin</subfield><subfield code="c">Lafayette</subfield><subfield code="d">Shullsburg.</subfield></datafield><datafield ind1="1" ind2="0" tag="780"><subfield code="t">Lafayette County herald</subfield><subfield code="w">(DLC)sn 85040145</subfield></datafield></record>